% ---------------------------
% Overleaf
@misc{overleaf,
  author = {Overleaf},
  title = {Overleaf Application},
  year = {2024},
  howpublished = {\url{https://www.overleaf.com/}}
}

% ---------------------------
% GitHub

@online{GitHub,
    title = {GitHub},
    author = {GitHub},
    year = {2024},
    howpublished = {\url{https://github.com/mariodelarena/TFG_MariodelaArena_GIS_2023-2024}}
}

% ---------------------------
% Stream
@misc{MicrosoftStream,
  title = {Microsoft Stream: plataforma de vídeo empresarial | Microsoft 365},
  year = {2024},
  howpublished = {\url{https://www.microsoft.com/es-es/microsoft-365/microsoft-stream}}
}

% ---------------------------
% EMOTIV

@misc{emotivBci,
  author = {EMOTIV},
  title = {Aplicación EMOTIV BCI},
  year = {2024},
  howpublished = {\url{https://www.emotiv.com/product/emotiv-bci/}}
}

@misc{brainViz,
  author = {EMOTIV},
  title = {Aplicación BrainViz},
  year = {2024},
  howpublished = {\url{https://www.emotiv.com/product/brainviz/}}
}

@misc{emotivPro,
  author = {EMOTIV},
  title = {Aplicación EMOTIVPRO},
  year = {2024},
  howpublished = {\url{https://play.google.com/store/apps/details?id=com.emotiv.emotivpro&hl=en_US}}
}

@misc{emotivProWeb,
  author = {EMOTIV},
  title = {EMOTIVPRO Web},
  year = {2024},
  howpublished = {\url{https://www.emotiv.com/emotivpro/}}
}

@misc{Contour,
  title = {Contour},
  journal = {EMOTIV},
  author = {EMOTIV},
  year = {2024},
  howpublished = {\url{https://www.emotiv.com/pages/contour}}
}

@misc{ContourHelp,
  title = {EMOTIV},
  journal = {EMOTIV},
  author = {EMOTIV},
  year = {2024},
  howpublished = {\url{https://www.emotiv.com/tools/knowledge-base/category/contour}}
}

@misc{actividades,
  author = {EMOTIV},
  title = {Actividades},
  year = {2024},
  howpublished = {\url{https://www.emotiv.com/mn8-eeg-headset-with-contour-app/}}
}

@misc{comparacionHeadsets,
  author = {EMOTIV},
  title = {Comparación},
  year = {2024},
  howpublished = {\url{https://www.emotiv.com/pages/comparison}}
}

@misc{EMOTIVDevelopers,
  author = {EMOTIV},
  title = {Developers - Join our worldwide community - EMOTIV},
  year = {2024},
  howpublished = {\url{https://www.emotiv.com/pages/developer#dev-license-option}}
}

@misc{EmotivMN8,
  title = {MN8 | 2 Channel EEG Earbuds},
  journal={EMOTIV},
  author={EMOTIV},
  year = {2024},
  howpublished = {\url{https://www.emotiv.com/products/mn8}}
}

@misc{EmotivInsight,
  title = {Insight - 5 channel wireless EEG headset},
  journal = {EMOTIV},
  author = {EMOTIV},
  year = {2024},
  howpublished = {\url{https://www.emotiv.com/products/insight}}
}

@misc{EmotivEPOCX,
  title = {EPOC X | 14 Channel Wireless EEG Headset},
  journal = {EMOTIV},
  author = {EMOTIV},
  year = {2024},
  howpublished = {\url{https://www.emotiv.com/products/epoc-x}}
}

@misc{EEGHeadset,
  title = {EEG headset},
  journal = {EMOTIV},
  author = {Tran, Duong},
  year = {2024},
  howpublished = {\url{https://www.emotiv.com/blogs/glossary/eeg-headset}}
}

@misc{EmotivPROMobileAndroid,
  title = {EmotivPRO Mobile - Apps en Google Play},
  howpublished = {url{https://play.google.com/store/apps/details?id=com.emotiv.emotivprov4&hl=es_419}}
}

@misc{EmotivPROMobileIOS,
  title = {EmotivPRO Mobile},
  journal={App Store},
  author={App Store},
  year={2024},
  howpublished = {url{https://apps.apple.com/us/app/emotivpro-mobile/id6473985257}}
}

@misc{EmotivPROTabletAndroid,
  title = {EmotivPRO - Aplicaciones en Google Play},
  howpublished = {url{https://play.google.com/store/apps/details?id=com.emotiv.emotivpro}}
}

@misc{EmotivPROTabletIOS,
  title = {EmotivPRO},
  journal = {App Store},
  author = {App Store},
  year = {2023},
  howpublished = {url{https://apps.apple.com/us/app/emotivpro/id1494445214}}
}
% ---------------------------
% PsychoPy

@misc{psychopyDownload,
  author = {PsychoPy},
  title = {PsychoPy Installation},
  year = {2024},
  howpublished = {\url{https://www.psychopy.org/download.html}}
}

@misc{psychopyOverview,
  author = {PsychoPy},
  title = {PsychoPy Overview},
  year = {2024},
  howpublished = {\url{https://psychopy-hoechenberger.readthedocs.io/en/latest/about/overview.html}}
}

@misc{psychopyGettingStarted,
  author = {PsychoPy},
  title = {Getting Started with PsychoPy},
  year = {2024},
  howpublished = {\url{https://www.psychopy.org/gettingStarted.html}}
}

@misc{psychopyEmotivMarking,
  author = {PsychoPy},
  title = {Emotiv Marking Component},
  year = {2024},
  howpublished = {\url{https://www.psychopy.org/builder/components/emotiv_marking.html}}
}

@misc{PsychoPyEyeTracking,
  author = {PsychoPy},
  title = {Communicating with an Eyetracker — PsychoPy v2024.1.5},
  year = {2024},
  howpublished = {\url{https://www.psychopy.org/hardware/eyeTracking.html}}
}

% ---------------------------
% Eye tracking

@misc{TobiiPsychoPy,
  title = {Tobii — PsychoPy V2024.1.5},
  year = {2021},
  howpublished = {\url{https://psychopy.org/api/iohub/device/eyetracker_interface/Tobii_Implementation_Notes.html?_gl=1*wsq3uv*_ga*MTUyMjAwMTgxMy4xNzEzMzQ4NzA5*_ga_96LHQFPY1F*MTcxODYyNTQ0MS4xMy4xLjE3MTg2MjcwOTguMC4wLjA.}}
}

@misc{ForoTobiiPsychoPy,
  title = {Tobii Eye Tracker - Does it compatible with Psychopy? - Other - PsychoPy_2022},
  journal = {PsychoPy},
  year = {2022},
  howpublished = {\url{https://discourse.psychopy.org/t/tobii-eye-tracker-does-it-compatible-with-psychopy/28845}}
}

@misc{SupportTobii,
  title = {Supported eye trackers - Tobii Pro SDK documentation},
  year = {2024},
  howpublished = {\url{https://developer.tobiipro.com/tobiiprosdk/supportedeyetrackers.html}}
}
% ---------------------------
% Pavlovia
@misc{pavlovia,
  author = {Open Science Tools},
  title = {Pavlovia Surveys},
  year = {2024},
  howpublished = {\url{https://pavlovia.org/}}
}

% ---------------------------
% Estado del Arte y Trabajos Relacionados

@misc{g.tec,
  title = {g.tec medical engineering GmbH | Brain-Computer Interfaces & Neurotechnology},
  journal = {g.tec Medical Engineering GmbH},
  author = {g.tec medical engineering GmbH},
  year = {2024},
  howpublished = {\url{https://www.gtec.at/}}
}

@misc{g.Nautilus,
  title = {g.Nautilus RESEARCH Wearable EEG Cap},
  journal = {g.tec Medical Engineering GmbH},
  year = {2024},
  howpublished = {\url{https://www.gtec.at/product/gnautilus-research/}}
}

@article{ArticuloControlBCI,
  title = {El invento con sello español para que cualquiera pueda controlar dispositivos con la mente en sólo unos minutos},
  journal = {El Español},
  author = {Marinero, Ismael},
  year = {2024},
  howpublished = {\url{https://www.elespanol.com/omicrono/tecnologia/20240405/invento-sello-espanol-pueda-controlar-dispositivos-mente-solo-minutos/844665922_0.html}}
}

@misc{SindromeEnclaustramiento,
  title = {Síndrome de enclaustramiento},
  year = {2017},
  howpublished = {\url{https://rarediseases.info.nih.gov/espanol/13212/sindrome-de-enclaustramiento}}
}

% ---------------------------
% Artículos métodos anteriores a Emotiv.
@misc{ArticuloMedicionCG,
  title = {Carga mental de trabajo: qué es y cómo se puede medir},
  journal = {Avance Psicólogos},
  author = {Pérez, Laura Palomares},
  year = {2024},
  howpublished = {\url{https://www.avancepsicologos.com/carga-mental-trabajo/}}
}

@misc{EncuestaNivelEstres,
  title = {Cuál es tu nivel de estrés},
  journal={www.ocu.org},
  year = {2006},
  howpublished = {\url{https://www.ocu.org/salud/bienestar-prevencion/calculadora/test-de-estres}}
}

% ---------------------------
% BCI

@misc{InterfazBCI,
  title = {Interfaz Cerebro-Computadora\_2024},
  journal = {Psychology Today},
  year = {2024},
  howpublished = {\url{https://www.psychologytoday.com/mx/fundamentos/interfaz-cerebro-computadora}}
}

% ---------------------------
% Resultados
@misc{VideoExperimentoMN8PsychoPy,
  type = {Video},
  title = {How to use EMOTIV components in PsychoPy}, howpublished = {\url{https://www.youtube.com/watch?v=RRXs55ZScFg}},
  journal = {YouTube},
  author = {emotivstation},
  year = {2023},
  month = dec
}

@article{ArticuloDiscusion1,
  title = {INTERPRETACION DE SE{\~N}ALES CEREBRALES MEDIANTE LA DIADEMA EMOTIV EPOC},
  author = {{\'A}lvarez, Guillermo L de J Raya and Hern{\'a}ndez, Carmen Salazar and L{\'o}pez, Santiago Camacho and Gonz{\'a}lez, Horacio Rostro and Lara, Miroslava Cano},
  journal = {Miscel{\'a}nea Cient{\'\i}fica en M{\'e}xico},
  pages={234},
  year={2020}
}

@inproceedings{ArticuloDiscusion2,
  title = {An analysis of game-related emotions using Emotiv EPOC},
  author = {Kosi{\'n}ski, Jerzy and Szklanny, Krzysztof and Wieczorkowska, Alicja and Wichrowski, Marcin},
  booktitle = {2018 Federated Conference on Computer Science and Information Systems (FedCSIS)},
  pages = {913--917},
  year = {2018},
  organization = {IEEE}
}
