% ------------------------------------------------
% Emotiv
% Referencia https://www.emotiv.com/
@online{emotiv,
  author={EMOTIV},
  title={EMOTIV | Brain Data Measuring Hardware and Software Solutions},
  year={2023},
  url={https://www.emotiv.com/}
}

@online{emotivMN8,
  author = {EMOTIV},
  title = {MN8 | 2 Channel EEG Earbuds – EMOTIV},
  year = {2023},
  url = {https://www.emotiv.com/products/mn8},
  urldate = {2024-04-19}
}

@online{emotivSoftware,
  author = {EMOTIV},
  title = {Software – EMOTIV},
  year = {2024},
  url = {https://www.emotiv.com/collections/software},
  urldate = {2024-04-19}
}
% ------------------------------------------------
% GITHUB
@online{GitHub,
    author = "GitHub",
    title = "GitHub",
    url  = "https://github.com/github",
}
